
% --------------------------------- %
% Journal Articles                  %
% --------------------------------- %

@Article{Aiken_etal:2016,
  author =       "Mary Aiken and Ciaran McMahon and Ciaran Haughton and Laura O'Neil and Edward O'Carroll",
  title =        "A consideration of the social impact of cybercrime: Examples from hacking, piracy, and child abuse material online",
  journal =      "Contemporary Social Science",
  volume =       "11",
  year =         "2016",
  number = 	     "4",
  pages =        "373-391",
  note =         ""
}

% ------------- %
% Book Chapters %
% ------------- %

@incollection{Lizier:2014(Chapter),
  author      = "Joseph T. Lizier",
  title       = "Measuring the Dynamics of Information Processing on a Local Scale in Time and Space",
  editor      = "M. Wibral and R. Vicente and J. Lizier",
  booktitle   = "Directed Information Measures in Neuroscience: Understanding Complex Systems",
  publisher   = "Springer",
  address     = "Berlin, Heidelberg",
  year        = 2014,
  pages       = "161-193",
  chapter     = "",
}

% ----- %
% Books %
% ----- %

@Book{Mermin_2007,
  author =       "N. David Mermin",
  title =        "Quantum Computer Science: An Introduction",
  publisher =    "Cambridge University Press",
  year =         "2007",
  address =      "Cambridge",
  edition =      "",
  editor = 	 "",
  volume = 	 "",
  number = 	 "",
  series = 	 "",
  month = 	 "",
  note = 	 "",
}

@Book{Mitchell,
  author =       "Melanie Mitchell",
  title =        "Complexity: A Guided Tour",
  publisher =    "Oxford University Press",
  year =         "2009",
  address =      "New York, NY",
  edition =      "1st",
  editor = 	 "",
  volume = 	 "",
  number = 	 "",
  series = 	 "",
  month = 	 "",
  note = 	 "",
}

% Software and other, misc

@book{MATLAB:2017,
year = {2017},
author = {MATLAB},
title = {version 9.2.0 (R2017a)},
publisher = {The MathWorks Inc.},
address = {Natick, Massachusetts}
}

@misc{ wikipedia:AnonP2P,
    author = "{Wikipedia contributors}",
    title = "Anonymous P2P --- {Wikipedia}{,} The Free Encyclopedia",
    year = "2019",
    howpublished = "\url{https://en.wikipedia.org/w/index.php?title=Anonymous_P2P&oldid=889094053}",
    note = "[Online; accessed 5-May-2019]"
  }

% --------------------------------- %
% Newspaper and Magazine Articles   %
% using DAY MO inside the month tag %
% and "Last accessed … URL” text in %
% the note tag                      %
% --------------------------------- %

@article{CNN.com:2001-02-13,
    author={CNN.com},
    year={2001}, month={13 Feb},
    title={How police smashed child porn club}, url={http://edition.cnn.com/2001/WORLD/europe/UK/02/13/paedophile.police/index.html},
    journal={CNN.com},
    publisher={},
    note = {Last accessed 05 May 2019 at \url{http://edition.cnn.com/2001/WORLD/europe/UK/02/13/paedophile.police/index.html}}
}

% ----------------------- %
% COURT CASES             %
% ----------------------- %

@misc{NMvSaavedra:2019,
    year={2019}, month={13 Mar},
    title={{State of New Mexico vs. Joshua Saavedra}},
    note = {Last accessed 27 Mar 2019 at \url{https://caselookup.nmcourts.gov/caselookup/app}}
}

% ----------------------- %
% ORGANIZATIONAL WEBSITES %
% ----------------------- %

@misc{ ChildSafeNet:website,
    author = {{ChildSafeNet.org}},
    title = {},
    note = {Last accessed on 5/04/19 at \url{https://www.childsafenet.org/}}
}